@article{1,
author = {Cavalcante, Ricardo Bezerra and Ferreira, Marina Nagata and Silva, Poliana Cavalcante},
doi = {10.5902/217976922580},
issn = {2179-7692},
journal = {Revista de Enfermagem da UFSM},
keywords = {challenges and possibility,de informa{\c{c}}{\~{a}}o em sa{\'{u}}de,information systems in health,possibilidades e desafios,retos e posibilidades,ricardo bezerra cavalcante 1,salud,sistemas de informaci{\'{o}}n en},
number = {2},
pages = {290},
title = {{Sistemas de Informa{\c{c}}{\~{a}}o em Sa{\'{u}}de: possibilidades e desafios}},
volume = {1},
year = {2011}
}